2814 4884
461 355 532 426 AD
554 355 856 426 LECTOREM.
1176 365 1220 429 vii

88 553 211 622 prorsus
223 529 376 612 arbitron
399 533 476 614 imo,
502 534 558 599 vix
571 533 833 601 incunabulorum
847 536 987 625 vagitum
1000 535 1101 604 desiit
1145 538 1217 606 Do·

86 667 142 712 neo
163 643 282 710 indiees
304 646 425 734 utique,
454 657 563 714 nostro
587 647 711 728 similes,
742 671 836 735 super
863 649 1009 715 omnibus
1034 653 1214 718 auctoribus

85 757 239 846 utriusque
251 757 372 850 lingum
385 760 501 846 puriter
515 771 736 841 contexuntur,
761 773 793 827 et
813 773 933 828 mutnae
954 762 1129 838 dictionum
1151 765 1214 829 sin-

83 871 223 961 guisrum
237 871 273 935 in
296 869 397 938 Mss
420 873 679 938 commutationes
700 871 934 962 diligentissime
955 875 1156 955 denotentur,
1179 899 1216 942 oc

86 983 293 1062 dedurentun
316 982 378 1050 hoc
398 983 568 1050 literuttnae
588 1007 687 1074 genus
701 1007 852 1073 prospere
865 988 938 1052 satis
954 987 1125 1074 procedere
1138 1009 1216 1054 neu·

85 1097 198 1184 tiquam
210 1094 336 1161 valebit
380 1093 450 1161 Nos
460 1109 544 1162 uerte
557 1095 617 1162 huc
631 1097 672 1162 de
685 1120 721 1163 re
734 1097 835 1164 multe
849 1099 978 1164 minime
991 1099 1113 1166 inutilia
1126 1101 1214 1166 moli.

84 1231 162 1288 mur3
184 1230 350 1298 nunquam
363 1219 470 1275 tamen
490 1209 621 1276 forsitan
642 1210 682 1280 ed
697 1209 798 1277 bunos
812 1212 913 1278 exitus
929 1233 997 1298 pree
1022 1211 1218 1278 deformitate

86 1335 258 1412 temporum
272 1321 483 1409 perducenda.

121 1545 206 1613 Mihi
219 1547 340 1612 interea
360 1545 451 1614 lioest
464 1567 538 1614 cum
558 1547 748 1637 grndssimis
762 1545 832 1627 illis,
860 1559 954 1636 utque
966 1547 1057 1614 vaide
1071 1549 1211 1616 consolo-

83 1659 175 1739 toriis,
200 1657 337 1725 Vitruvii
351 1658 452 1725 verbis
466 1658 541 1726 huic
554 1659 732 1746 proefetioni
747 1659 843 1726 finem
857 1683 988 1748 poneres

122 1891 146 1926 ‘⁶
161 1883 212 1950 ln
226 1905 301 1948 vers
313 1883 460 1970 praesidis
473 1895 547 1950 sunt
559 1885 644 1965 vitae,
667 1883 780 1974 quibus
801 1907 904 1973 neque
924 1884 1059 1951 fortunae
1077 1895 1211 1969 tempes-

84 2005 106 2038 “
118 2007 162 2061 tus
175 1996 298 2084 inique,
320 2017 423 2083 neque
436 1995 634 2082 publium-um
647 2019 754 2062 rerum
772 1998 917 2076 mutatio,
941 2019 1043 2084 neque
1056 1995 1128 2061 belli
1142 2017 1212 2060 vus-

84 2115 104 2151 “
117 2107 205 2187 tutio,
228 2117 332 2194 potest
345 2129 468 2174 nocere.
514 2109 587 2198 Ego
600 2121 705 2174 autem
719 2131 786 2175 non
800 2109 841 2175 ed
855 2108 1022 2196 pecuniam
1036 2105 1212 2194 parandum

82 2231 154 2286 “ex
166 2231 236 2286 orte
249 2217 324 2286 dedi
337 2219 488 2299 studium,
515 2219 570 2286 sed
590 2219 694 2306 potins
715 2221 899 2286 tenuitatem
920 2241 994 2286 cum
1015 2219 1100 2286 boni
1113 2218 1209 2300 fumi,

82 2342 103 2376 ‘⁶
115 2355 209 2421 quum
222 2331 449 2398 abunduntiam
463 2353 536 2398 cum
552 2330 692 2411 infamiis,
716 2331 906 2420 sequendum
920 2332 1041 2419 putavi:
1063 2331 1136 2398 ideo
1150 2355 1209 2396 no-

83 2455 104 2490 “
116 2446 196 2512 tides
209 2467 323 2533 purum
337 2457 384 2511 est
404 2445 565 2524 adsecute3
590 2445 645 2512 sed
667 2456 785 2526 tumen,
810 2445 860 2510 his
873 2443 1084 2513 voluminibus
1105 2443 1208 2524 editis,

84 2567 105 2602 “
118 2569 152 2624 ut
164 2579 270 2645 spero,
292 2557 425 2645 posteris
439 2559 534 2626 etium
545 2580 603 2626 ero
617 2559 740 2626 notus?
783 2555 875 2624 Vale!

88 2959 205 3024 Dabam
219 2979 238 3022 e
250 2955 370 3022 Mum
382 2976 447 3023 meo

112 3070 407 3156 propalandum,

79 3183 211 3252 Nouemd.
224 3183 277 3249 die
288 3184 351 3249 ani.
369 3181 461 3248 179⁷.
