2814 4884
71 579 211 658 Perluit
227 555 318 658 binc
335 581 478 675 saltem,
494 577 657 662 lenimen
674 585 785 664 dulce
801 587 982 684 laborum,

117 730 220 806 Rore
237 755 445 832 papavereo
456 730 599 808 lumina
613 759 730 834 prona
747 735 875 839 Sopor.

70 879 155 955 Non
168 889 419 956 mactatorum
431 879 529 956 mala
545 905 650 957 mens
666 882 735 957 sibi
753 885 904 962 conscia
915 885 1071 964 fratrum

115 1025 300 1104 Horribili
316 1026 504 1127 increpuit
520 1053 616 1104 saevs
627 1029 774 1130 flagella
785 1057 887 1109 sono.

70 1177 154 1253 Non
169 1175 302 1277 praedo
318 1176 438 1276 rapui,
455 1201 560 1276 quas,
578 1180 835 1258 committente
854 1179 1051 1283 Magistro,

114 1327 333 1402 Debueram
349 1324 445 1400 fidus
457 1349 610 1425 pascere
625 1335 729 1402 tutor
745 1353 844 1406 oves.

72 1475 265 1576 Augurem
278 1474 406 1575 effirgi,
424 1500 499 1574 quo
513 1475 762 1554 dilacerantur
776 1479 816 1554 in
832 1479 940 1558 horas

117 1625 270 1700 Durum
287 1623 495 1700 eluctantes
511 1624 721 1702 ambitionis
738 1626 821 1702 iter.
836 1641 839 1646 '

73 1777 230 1856 Interea,
248 1773 367 1849 nubes
378 1771 589 1849 borealibus
596 1773 750 1874 ¹horrida
765 1774 854 1851 belli

118 1925 216 2016 Quae
234 1925 316 2000 diro
332 1925 497 2000 intonuit
513 1936 623 2025 rupta
638 1923 785 2026 fragore
800 1925 938 2026 plegis3

77 2073 165 2149 Inde
181 2073 393 2174 procelloso
409 2072 621 2150 tremefecit
636 2073 784 2150 turbine
800 2099 951 2176 serpens

119 2222 265 2300 Oceani
283 2232 415 2314 metas,
431 2221 702 2321 occiduumque
716 2222 879 2298 domum.

78 2371 150 2448 Tot
165 2370 371 2472 conjuratae
385 2373 509 2446 coiere
526 2370 565 2444 in
582 2367 710 2470 praelia
725 2381 873 2463 turmae,

120 2521 225 2610 Quot
241 2519 332 2596 folia
349 2519 559 2596 Auctumni
575 2517 713 2620 frigore
729 2519 818 2596 loesa
834 2521 986 2598 cadunt.

79 2669 291 2746 Attonitum
308 2695 392 2770 quae
409 2679 516 2744 torva
531 2667 684 2768 globum
701 2670 891 2748 concussit
909 2669 1088 2773 Erinnys?

120 2820 217 2910 Quae
235 2817 373 2919 Stygiis
390 2817 470 2894 Ate
485 2818 595 2894 missa
612 2831 767 2928 cruenta
783 2817 905 2894 vadis?

78 2967 187 3044 Exuit
202 2968 386 3043 humanos
404 2965 565 3042 censu
582 2991 675 3067 gens
693 2965 804 3044 effera
821 2967 944 3044 cultus
950 2999 963 3062 ;

121 3119 171 3196 Et
186 3117 344 3219 tigrides
360 3115 538 3198 referens,
548 3125 551 3130 '
561 3117 831 3217 seminiumque
847 3117 927 3194 leoe.

78 3268 144 3384 Cui
158 3267 326 3369 gladium
342 3277 502 3343 tractare
519 3265 635 3348 nefas,
654 3267 717 3367 qui
734 3266 876 3344 foedere
894 3278 1037 3358 sancto,

121 3417 245 3494 Semet
261 3415 329 3494 uti,
348 3415 490 3492 socium
508 3416 620 3492 debet
636 3440 759 3491 amare
775 3440 901 3508 suum;

81 3563 121 3639 ln
135 3563 258 3641 fratris
268 3563 445 3666 jugulum
462 3565 606 3642 vibrare
622 3563 798 3641 ferociter
815 3589 940 3641 ensem

123 3713 274 3802 Gestiit,
292 3738 337 3789 ac
354 3712 471 3788 diram
489 3713 592 3790 crede
608 3712 733 3790 levare
749 3712 898 3788 famem.

82 3859 177 3950 Quot
192 3861 296 3948 mihi,
316 3885 402 3937 cum
418 3861 537 3937 turbis
553 3871 593 3938 te
611 3861 851 3938 conflictante
866 3859 1065 3943 latronum,

126 4009 291 4095 Gaetu,
318 4010 511 4112 sanguinei
527 4009 741 4111 praeteriere
759 4009 853 4086 dies!

83 4157 196 4248 Quam
212 4160 342 4246 metui,
361 4185 410 4237 ne
427 4161 518 4260 quid
533 4171 643 4263 potor
660 4172 699 4237 te
716 4160 871 4238 laederet
888 4157 990 4236 Istri!
1019 4193 1021 4200 ⁴

30 4351 31 4356 Ν
122 4308 180 4386 Ne
194 4335 288 4412 gens
305 4309 482 4395 officeret,
502 4311 596 4412 proh
613 4311 750 4412 pudor!
778 4310 906 4410 Angla
922 4307 1002 4385 tibi.

607 4443 661 4502 at
915 4463 920 4474 ·
