2814 4884
160 491 323 569 Munera
337 487 396 568 sin
411 487 530 568 rabidi
547 489 681 566 Martis
699 487 838 568 dilecta
852 489 1009 568 fuissent

207 640 312 716 Ante
329 639 554 732 sodalitium,
581 639 719 717 Castali
735 641 859 718 turba!
884 651 1010 733 tuum3

158 791 323 870 Bellone
340 815 384 866 ac
402 789 523 865 Furiis
540 814 600 865 me
616 813 710 890 gens
727 787 862 864 devota
877 798 1045 888 putasset

207 941 308 1016 Tum
324 939 429 1031 mihi,
445 950 527 1014 tum
544 938 675 1015 melius
693 937 922 1016 cousuluisse
939 937 1042 1012 meis.

156 1092 240 1169 Nec
257 1103 382 1166 tamen
397 1087 455 1164 his
473 1088 604 1164 studiis
620 1089 803 1188 impensas
818 1085 978 1188 poenitet
993 1049 1117 1176 horas,

206 1240 291 1316 Nec
308 1238 399 1315 curt
415 1238 512 1312 vires
528 1247 740 1330 attenuasse
756 1235 880 1336 gravi3

158 1383 328 1466 Sollicet
344 1413 396 1463 ex·
409 1386 503 1462 OEti
520 1385 736 1462 millesimus
754 1385 871 1486 erigat
888 1383 1009 1486 ignes,

208 1537 259 1612 Et
275 1535 413 1613 totiens
429 1535 546 1611 niveis
564 1533 674 1610 Luna
689 1545 857 1610 recurrat
873 1533 991 1634 equis,

157 1687 216 1764 To
232 1686 324 1762 mihi
339 1711 407 1786 per
424 1709 556 1760 aruum
572 1688 776 1777 ‘urrunnun'
794 1681 954 1758 maxime
971 1681 1101 1756 Vates!

208 1833 375 1912 sectanti
391 1857 551 1933 propero
565 1844 681 1908 nocte
699 1833 834 1934 dieque
851 1833 988 1934 gradu:

159 1984 248 2061 Srvu
267 1983 369 2059 canis
382 2006 543 2083 magnos.
553 1981 755 2082 primordia
771 1983 933 2058 condere
950 1981 1128 2072 mundos,

201 2132 291 2208 Nec
307 2156 427 2207 vacuo
443 2130 534 2206 fines
552 2130 841 2232 corporibusque
858 2131 955 2208 dari:

158 2279 248 2356 siva
265 2278 345 2380 regi
363 2304 464 2371 casu,
482 2279 706 2379 alternisque
722 2305 745 2356 a
761 2289 881 2356 morte
896 2279 1055 2370 renasci,

207 2429 352 2504 Rursus
370 2441 410 2505 et
425 2429 732 2506 altemis‘cuncta
746 2430 882 2531 perire,
900 2430 1030 2508 doces:
1071 2537 1075 2546 Ι

158 2577 261 2669 Srvu,
279 2576 381 2678 quod
396 2576 558 2654 afficiant
574 2579 712 2678 pariter
729 2603 816 2656 cum
833 2603 988 2686 corpore
1005 2589 1170 2658 mentem

205 2727 403 2817 Debilitas,
421 2728 578 2820 senium,
595 2741 872 2842 perpetuusque
888 2755 1015 2830 sopor:

157 2877 232 2954 Suu
249 2880 369 2954 varios
386 2881 505 2980 aperis
524 2879 650 2955 subtili
667 2859 830 2956 o'armiue
848 2879 1002 2972 Sensum

206 3025 292 3114 Qus
309 3027 469 3103 Somnus
484 3029 624 3128 vigent,
641 3028 715 3129 qul
731 3028 873 3104 ratione
890 3029 1042 3106 Venus:

154 3175 399 3251 Nnrnuuuvn
416 3173 532 3251 refers
549 3175 649 3266 coeli,
665 3187 862 3278 terraeque,
885 3179 1087 3280 marisqu03

204 3323 332 3423 thue
349 3349 458 3399 suum
475 3325 611 3400 sensim
628 3325 706 3400 vita
717 3333 904 3404 'cacumen
922 3329 1017 3405 adit:

155 3471 360 3564 Imunoun,
377 3484 417 3548 et
432 3473 588 3586 pluvias,
605 3483 824 3575 ventosque,
843 3477 993 3578 polique
1010 3477 1209 3570 tumultus,

205 3621 283 3710 Qui
300 3621 444 3699 Siculos
459 3633 592 3698 vortex
609 3601 801 3700 flammeus
818 3626 937 3702 undet
953 3651 1080 3726 agr0s3
1183 3675 1186 3684 ν

147 3769 333 3851 Flumina
343 3770 548 3872 Magnetis,
565 3783 624 3848 tot
638 3773 859 3874 prodigialia
873 3799 1016 3866 rerum;

206 3919 325 3996 Pestis
343 3921 546 3999 Athenaeas
563 3947 646 4024 quae
663 3923 852 4022 popularit
868 3948 1070 4023 opes.—

157 4067 261 4144 Hinc
278 4069 382 4146 nullo
398 4071 542 4163 saltem,
559 4072 647 4147 vitae
665 4072 754 4148 dum
772 4073 884 4148 taedia
899 4070 1003 4162 fallo,

205 4215 395 4318 Corripuit
412 4219 570 4318 strepitu
588 4217 784 4320 Temporis
801 4218 858 4294 ala
874 4217 1019 4320 fugam:
