2814 4884
172 329 203 394 vi
382 377 384 382 .
527 318 599 386 AD
630 309 928 382 LECTOREM

181 501 239 568 Isti
252 519 339 580 sane,
354 497 408 585 qui
422 515 471 562 res
484 491 608 580 imperii
622 491 714 558 nobis
729 489 961 568 administrant,
983 483 1031 551 vel
1055 485 1164 574 potius
1183 507 1309 574 pmsum

179 613 269 690 dant,
291 611 326 674 in
339 608 420 676 bella
433 606 550 696 quaevis
564 603 785 682 scelestissima,
808 603 843 665 in
864 599 1043 666 servitutem
1060 597 1311 688 propagandam,

179 726 215 791 in
228 723 371 791 homines
384 717 624 787 cumulatissime
637 713 850 792 trucidandos,
866 715 1033 802 pecuniam
1046 725 1096 802 tsp
1109 721 1219 800 lamp
1232 710 1313 800 pub·

180 837 274 902 licam
301 834 404 922 parati
425 844 499 900 sunt
519 828 716 916 impendere3
739 828 793 894 aed
815 828 975 896 literarum
996 824 1129 906 essedis,
1160 825 1215 912 qui
1240 822 1315 890 talia
1392 810 1393 856 l

181 947 301 1038 flagitia
318 955 531 1022 exsecrantur,
558 939 637 1006 nihil
656 938 786 1018 babent,
813 961 854 1005 ne
867 940 1045 1006 teruncium
1059 936 1187 1027 quidem
1201 957 1315 1013 unum,
1393 1014 1394 1028 χ

181 1059 269 1148 quod
281 1058 388 1148 largiri
402 1055 509 1134 velint,
521 1063 638 1142 preter
651 1051 831 1118 vilissimum
845 1052 921 1119 illud
931 1054 1118 1142 ignavorum
1128 1047 1317 1126 solstiolum,

184 1180 407 1257 emendam
420 1171 580 1254 χψιζιήι
636 1164 700 1232 His
722 1165 763 1230 de
788 1167 901 1232 caussis
926 1165 1122 1254 propositum
1146 1181 1254 1228 meum
1278 1158 1319 1224 de

185 1278 287 1345 Statio
301 1275 461 1364 poliendo,
486 1277 573 1363 cujus
594 1277 785 1342 mentionem
808 1277 899 1344 intuli
924 1279 958 1342 in
980 1276 1064 1342 notis
1084 1273 1127 1340 ad
1139 1274 1193 1339 lib.
1207 1297 1238 1338 v.
1253 1292 1319 1336 ver.

185 1393 259 1456 376.
282 1390 414 1455 omuino
435 1388 678 1475 abjudicandum
703 1411 826 1470 censeo,
853 1391 955 1456 donec
976 1388 1056 1454 ordo
1077 1409 1184 1453 rerum
1204 1384 1319 1450 melior

184 1513 346 1579 naacatrm
369 1499 492 1588 qualem
512 1501 613 1568 indies
636 1515 815 1590 exspectare
833 1525 900 1567 non
915 1500 1085 1567 absurdum
1099 1509 1155 1564 est.
1201 1497 1321 1564 Hocsi

184 1637 237 1680 me
250 1614 322 1678 vivo
336 1612 392 1679 liat
406 1635 443 1680 sc
458 1614 593 1703 vigente,
616 1614 698 1680 illico
719 1614 839 1680 vultum
860 1635 982 1680 sumam
1001 1612 1100 1678 multa
1113 1611 1265 1676 minantis
1289 1619 1322 1676 et

185 1725 353 1814 praeclara3
376 1747 478 1813 neque
499 1726 584 1790 enirn
604 1749 646 1790 ex
667 1725 726 1790 illis
747 1749 829 1806 sum,
852 1728 907 1816 qui
929 1726 1017 1792 domi
1038 1721 1149 1790 malint
1171 1723 1320 1800 otiantes,

185 1851 280 1927 atque
294 1837 426 1906 aliorum
448 1833 641 1925 diligentiam
663 1837 799 1927 maligne
819 1838 1007 1917 vellicantes,
1031 1849 1157 1902 oetstem
1180 1833 1323 1900 desidem

185 1971 381 2028 consumere,
408 1969 450 2014 ne
463 1947 628 2014 rideantur
643 1971 709 2015 non
730 1951 957 2037 impeccabiles,
984 1971 1079 2037 quam
1103 1949 1138 2013 in
1163 1947 1322 2012 humanos

185 2083 318 2138 errores,
333 2071 365 2124 et
378 2060 462 2124 intra
477 2061 576 2124 venias
591 2083 678 2147 spem
690 2062 822 2148 positos,
838 2061 970 2128 subinde
984 2060 1105 2126 cadere.
1150 2059 1209 2124 Illa
1222 2058 1320 2124 nimi-

187 2194 259 2239 rum
273 2169 443 2240 Pindarico
456 2171 548 2238 nobis
562 2173 701 2262 impense
715 2174 850 2264 placent,
866 2187 898 2242 et
911 2174 1096 2262 placuerunt
1109 2191 1244 2260 semper:

509 2501 591 2517 —-
605 2493 624 2528 u
638 2467 663 2528 dr
676 2496 715 2536 τις
728 2468 791 2530 trior
806 2495 866 2549 »spu

512 2581 609 2628 πλετοι
622 2579 753 2648 sesbasar,

233 3159 295 3223 Sed
318 3157 414 3235 enirn,
439 3167 475 3222 ut
497 3155 568 3221 haec
590 3158 745 3236 omittam,
772 3159 912 3224 animum
934 3159 1095 3226 advertere
1115 3173 1158 3238 te,
1185 3157 1319 3226 Lector!

187 3267 291 3346 velim,
314 3291 400 3334 meos
422 3270 672 3349 commentarios,
695 3281 854 3359 utcunque
875 3271 1070 3358 prolixiores,
1093 3271 1237 3338 brevitati
1255 3281 1323 3336 stu·

187 3379 358 3446 diosissime
372 3381 560 3448 consuluisse
575 3382 607 3446 in
624 3380 724 3449 MSS.
747 3382 958 3472 designandis,
983 3398 1016 3450 et
1037 3384 1216 3450 auctoribus
1236 3381 1323 3448 indi-

187 3490 309 3571 candis3
332 3505 369 3558 ut
382 3503 537 3580 emptores
558 3493 628 3559 libri
648 3515 784 3559 mercem
793 3495 996 3582 justissimam
1010 3495 1169 3562 haberent
1216 3495 1323 3560 Index

185 3616 292 3672 autem
305 3605 442 3684 criticus,
466 3606 520 3692 qui
534 3605 628 3696 longe
642 3606 768 3672 uberior
789 3607 831 3672 ud
852 3611 985 3695 speciem
1000 3607 1141 3674 exhiberi
1154 3607 1320 3694 potuisset,

185 3718 210 3780 si
224 3719 259 3782 in
272 3718 472 3784 commutatis
486 3717 676 3784 dictionibus
690 3720 887 3788 recensendis
901 3721 1065 3787 artimrlum
1079 3719 1248 3808 utrobique
1261 3741 1321 3807 po·

184 3827 325 3908 suissem,
351 3829 437 3919 quod
459 3829 510 3894 alii
531 3851 597 3896 non
618 3853 746 3918 prorsus
767 3833 919 3900 inutiliter
939 3832 1092 3912 secar-cmm
1116 3833 1154 3912 is,
1177 3833 1319 3919 inquam,

187 3939 288 4006 multo
308 3953 355 4008 est
375 3942 519 4008 omnium
539 3965 597 4008 suo
618 3965 734 4032 genere
756 3965 816 4032 pro
836 3943 982 4012 mensuri
1004 3945 1118 4030 operis,
1141 3965 1220 4030 quos
1233 3943 1323 4030 equi-

184 4051 258 4118 dem
272 4054 425 4133 noverim,
448 4053 698 4141 perfectissimus:
723 4069 755 4121 et
768 4057 802 4120 in
817 4079 867 4136 eo,
884 4058 943 4121 nisi
957 4055 1055 4136 fallar,
1071 4054 1169 4120 multa
1182 4053 1321 4119 subsidia

184 4162 226 4227 ad
247 4163 494 4251 corruptelarum
515 4165 764 4253 propulsationes
787 4166 874 4234 docti
897 4165 1026 4232 lectores
1050 4178 1123 4232 sunt
1146 4165 1317 4252 experturi.

186 4275 298 4341 Artem
312 4299 387 4342 vero
401 4277 553 4356 criticam,
581 4289 733 4365 quatenus
747 4279 781 4344 in
796 4279 988 4367 explicandis
1001 4292 1034 4344 et
1047 4275 1251 4344 emendandis
1265 4297 1318 4342 ve·

183 4401 283 4455 terum
298 4389 420 4476 scriptis
435 4391 550 4458 versari
563 4389 653 4469 solet,
680 4389 824 4460 nondum
844 4391 962 4459 habere
975 4391 1033 4458 nisi
1049 4387 1212 4456 infantiam
1226 4410 1317 4456 suam
